<?xml version="1.0" encoding="UTF-8"?><collection xmlns="http://www.loc.gov/MARC21/slim"><record><leader>00330nam--2200121-i-4500</leader><controlfield tag="001">000022852</controlfield><controlfield tag="002">20161230</controlfield><controlfield tag="005">20161230201034</controlfield><controlfield tag="008">060222s1000------------r-----000-0-eng-d</controlfield><datafield ind1=" " ind2=" " tag="245"><subfield code="a">Handbook of laboratory safety</subfield></datafield><datafield ind1=" " ind2=" " tag="260"><subfield code="a">Cleveland, Ohio, The Chemical Rubber Co.,1967 Xii + 568 P</subfield></datafield><datafield ind1=" " ind2=" " tag="700"><subfield code="a">Norman V. Steere</subfield></datafield><datafield ind1=" " ind2=" " tag="852"><subfield code="a">XII + 568 P</subfield></datafield></record></collection>